
@article{
	ShengtaiLi,
	author = {Li, Shengtai},
	year = {2005},
	month = {02},
	pages = {344-357},
	title = {An HLLC Riemann solver for magneto-hydrodynamics},
	volume = {203},
	journal = {Journal of Computational Physics - J COMPUT PHYS},
	doi = {10.1016/j.jcp.2004.08.020}
}
@article{
	MIYOSHI2005315,
	title = "A multi-state HLL approximate Riemann solver for ideal magnetohydrodynamics",
	journal = "Journal of Computational Physics",
	volume = "208",
	number = "1",
	pages = "315 - 344",
	year = "2005",
	issn = "0021-9991",
	doi = "https://doi.org/10.1016/j.jcp.2005.02.017",
	url = "http://www.sciencedirect.com/science/article/pii/S0021999105001142",
	author = "Takahiro Miyoshi and Kanya Kusano",
	keywords = "Magnetohydrodynamics, Approximate Riemann solver, HLL, HLLC, HLLD, Positivity"
}
@article{
	ZACHARY1992341,
	title = "A higher-order godunov method for the equations of ideal magnetohydrodynamics",
	journal = "Journal of Computational Physics",
	volume = "99",
	number = "2",
	pages = "341 - 347",
	year = "1992",
	issn = "0021-9991",
	doi = "https://doi.org/10.1016/0021-9991(92)90213-I",
	url = "http://www.sciencedirect.com/science/article/pii/002199919290213I",
	author = "Andrew L. Zachary and Phillip Colellaz"
}
